%% This BibTeX bibliography file was created using BibDesk.
%% http://bibdesk.sourceforge.net/


%% Created for tomlew at 2011-03-30 09:16:06 -0300 


%% Saved with string encoding Unicode (UTF-8) 



@proceedings{sibgrapi2013,
	Address = {Arequipa, Per{\'u}},
	Booktitle = {Sibgrapi},
	Date-Modified = {2013-02-02 19:35:00 -0300},
	Month = {august},
	Publisher = {{IEEE}},
	Title = {Sibgrapi 2013, Proceedings of the XXVI Brazilian Symposium on Computer Graphics and Image Processing},
	Year = {2013}}


@inproceedings{Zhang97visibilityculling,
author = {Zhang, Hansong and Manocha, Dinesh and Hudson, Thomas and Hoff, Kenneth },
address = {Los Angeles, CA},
title = {Visibility Culling Using Hierarchical Occlusion Maps},
year = {1997},
month = {1997},
publisher = {In Computer Graphics (Proceedings of SIGGRAPH Â´97)},
pages = {77-88}
}
@inproceedings{DBLP:conf/siggraph/Vale11,
author = {Vale, Will },
title = {Practical occlusion culling in KILLZONE 3},
year = {2011},
pages = {49}
}
@inproceedings{Olano:1997:TSC:258694.258723,
author = {Olano, Marc and Greer, Trey },
address = {New York, NY, USA},
title = {Triangle scan conversion using 2D homogeneous coordinates},
year = {1997},
publisher = {ACM},
pages = {89-95},
isbn = { ISBN: 0-89791-961-0 DOI: 10.1145/258694.258723}
}
@inproceedings{Nie12,
author = {Nie\ssner, Matthias and Loop, Charles },
address = {Bournemouth},
title = {Patch-Based Occlusion Culling for Hardware Tessellation},
year = {2012},
editor = {Thalmann, Daniel }
}
http://www.k-jahn.de/files/bibtex.xsl
@inproceedings{McCormack:2000:TPT:346876.346882,
author = {McCormack, Joel and McNamara, Robert },
address = {New York, NY, USA},
title = {Tiled polygon traversal using half-plane edge functions},
year = {2000},
publisher = {ACM},
pages = {15-21},
isbn = { ISBN: 1-58113-257-3 DOI: 10.1145/346876.346882}
}
@inproceedings{Leo12,
author = {Leone, Matias N and Barbagallo, Leandro R and Mariano, Banquiero and Agromayor, Diego and Andres, Bursztyn },
address = {Bahia Blanca},
title = {Implementing Software Occlusion Culling for Real-Time applications},
year = {2012}
}
http://www.k-jahn.de/files/bibtex.xsl
@inproceedings{Hey:2001:ROC:647653.732306,
author = {Hey, Heinrich and Tobler, Robert F. and Purgathofer, Werner },
address = {London, UK, UK},
title = {Real-Time Occlusion Culling with a Lazy Occlusion Grid},
year = {2001},
publisher = {Springer-Verlag},
pages = {217-222},
isbn = { ISBN: 3-211-83709-4}
}
@inproceedings{Greene:1996:HPT:237170.237207,
author = {Greene, Ned },
address = {New York, NY, USA},
title = {Hierarchical polygon tiling with coverage masks},
year = {1996},
publisher = {ACM},
pages = {65-74},
isbn = { ISBN: 0-89791-746-4 DOI: 10.1145/237170.237207}
}
@inproceedings{Germs01geometricsimplification,
author = {Germs, Rick and Jansen, Frederik W.},
title = {Geometric Simplification For Efficient Occlusion Culling In Urban Scenes},
year = {2001},
pages = {291-298}
}
@inproceedings{Eng09,
author = {Engelhardt, Thomas and Dachsbacher, Carsten },
address = {Boston},
title = {Granular visibility queries on the GPU},
year = {2009},
pages = {161-167}
}
@article{DBLPjournalscgfDecoret05,
author = {Decoret, Xavier },
title = {N-Buffers for efficient depth map query},
journal = {Computer Graphics Forum},
year = {2005},
volume = {24},
pages = {393-400}
}
@article{cohen2003survey,
author = {Cohen-Or, D. and Chrysanthou, Y.L. and Silva, C.T. and Durand, F. },
title = {A survey of visibility for walkthrough applications},
journal = {Visualization and Computer Graphics, IEEE Transactions on Visualization and Computer Graphics},
year = {2003},
publisher = {IEEE},
volume = {9},
pages = {412-431}
}
http://www.k-jahn.de/files/bibtex.xsl
@article{CGF:CGF793,
author = {Bittner, Jiri and Wimmer, Michael and Piringer, Harald and Purgathofer, Werner },
title = {Coherent Hierarchical Culling: Hardware Occlusion Queries Made Useful},
journal = {Computer Graphics Forum},
year = {2004},
publisher = {Blackwell Publishing, Inc},
volume = {23},
pages = {615-624},
isbn = { ISSN: 1467-8659 DOI: 10.1111/j.1467-8659.2004.00793.x}
}
http://www.k-jahn.de/files/bibtex.xsl
@article{andersson2009parallel,
author = {Andersson, J. },
title = {Parallel Graphics in Frostbite-Current \& Future},
journal = {SIGGRAPH Course: Beyond Programmable Shading},
year = {2009}
}
@book{RTR3,
author = {Akenine-Moller, Tomas and Haines, Eric and Hoffman, Natty },
address = {Natick, MA, USA},
title = {Real-Time Rendering 3rd Edition},
year = {2008},
publisher = {A. K. Peters, Ltd.},
pages = {1045},
isbn = { ISBN: 987-1-56881-424-7}
}
http://www.k-jahn.de/files/bibtex.xslhttp://www.k-jahn.de/files/bibtex.xslhttp://www.k-jahn.de/files/bibtex.xslhttp://www.k-jahn.de/files/bibtex.xslhttp://www.k-jahn.de/files/bibtex.xsl
@inproceedings{Gre93,
author = {Greene, Ned and Kass, Michael and Miller, Gavin },
address = {Anaheim, CA},
title = {Hierarchical Z-buffer visibility},
year = {1993},
pages = {231-238}
}


